<record><leader>00000cas a22000007a 4500</leader><controlfield tag="001">22755672</controlfield><controlfield tag="008">901129d19641965nyuwr ne      0    0eng d</controlfield><datafield ind1=" " ind2=" " tag="010"><subfield code="a">sn 90066351 </subfield></datafield><datafield ind1=" " ind2=" " tag="040"><subfield code="a">NYS</subfield><subfield code="b">eng</subfield><subfield code="c">NYS</subfield><subfield code="d">OCLCQ</subfield></datafield><datafield ind1=" " ind2=" " tag="042"><subfield code="a">msc</subfield></datafield><datafield ind1="0" ind2="4" tag="245"><subfield code="a">The Woodstock week letter.</subfield></datafield><datafield ind1=" " ind2=" " tag="260"><subfield code="a">Woodstock, N.Y. :</subfield><subfield code="b">Sylvia Kordolf,</subfield><subfield code="c">1964-</subfield></datafield><datafield ind1=" " ind2=" " tag="300"><subfield code="a">v.</subfield></datafield><datafield ind1=" " ind2=" " tag="310"><subfield code="a">Weekly</subfield></datafield><datafield ind1="0" ind2=" " tag="362"><subfield code="a">Vol. 1, no. 1 ([July 29], 1964)-</subfield></datafield><datafield ind1="1" ind2=" " tag="362"><subfield code="a">Ceased in 1965?</subfield></datafield><datafield ind1=" " ind2=" " tag="580"><subfield code="a">Published during suspension of: Woodstock week.</subfield></datafield><datafield ind1=" " ind2="4" tag="651"><subfield code="a">Woodstock (N.Y.)</subfield><subfield code="v">Newspapers.</subfield></datafield><datafield ind1=" " ind2=" " tag="752"><subfield code="a">United States</subfield><subfield code="b">New York</subfield><subfield code="c">Ulster</subfield><subfield code="d">Woodstock.</subfield></datafield><datafield ind1="1" ind2=" " tag="787"><subfield code="t">Woodstock week</subfield><subfield code="w">(DLC)sn 90066340</subfield><subfield code="w">(OCoLC)22755000</subfield></datafield><datafield ind1="1" ind2=" " tag="029"><subfield code="a">AU@</subfield><subfield code="b">000025866720</subfield></datafield></record>